@Manual{virtualbox:vdidetails,
  publisher       = {Mathworks},
  year            = {2004 -- 2015},
  title           = {Oracle VM VirtualBox},
  subtitle        = {User Manual},
  pages           = {86},
  version         = {5.0.10\_Ubuntu},
  url             = {http://www.virtualbox.org},
}

@Manual{virtualbox:paenx,
  publisher       = {Mathworks},
  year            = {2004 -- 2015},
  title           = {Oracle VM VirtualBox},
  subtitle        = {User Manual},
  pages           = {51},
  version         = {5.0.10\_Ubuntu},
  url             = {http://www.virtualbox.org},
}

@misc{forelasning03,
  author = {Peter Jackson},
  title = {\textsc{DVG001} --- Introduktion till Linux och små nätverk{,} Föreläsning 3: Om användare{,} grupper och säkerhet},
  year = {2015},
  howpublished = {Lecture slides},
  publisher = {Högskolan i Gävle},
  url = {https://lms.hig.se/bbcswebdav/pid-382564-dt-content-rid-1646682_1/courses/DVG001.28401.2016/F3.pdf},
  note = "[Online; accessed 13-February-2016]"
}

@misc{wiki:pae,
  author = "Wikipedia",
  title = "Physical Address Extension --- Wikipedia{,} The Free Encyclopedia",
  year = "2016",
  url = "https://en.wikipedia.org/w/index.php?title=Physical_Address_Extension&oldid=701865463",
  note = "[Online; accessed 13-February-2016]"
}
